@Manual{R2013,
  title = {R: A Language and Environment for Statistical Computing},
  author = {{R Core Team}},
  organization = {R Foundation for Statistical Computing},
  address = {Vienna, Austria},
  year = {2013},
  url = {http://www.R-project.org/},
  numeral = {1},
}
@Manual{Hunt2012,
  title = {paleoTS: Analyze paleontological time-series},
  author = {Gene Hunt},
  year = {2012},
  note = {R package version 0.4-4},
  url = {http://CRAN.R-project.org/package=paleoTS},
  numeral = {1},
}
@Article{Csardi2006,
  title = {The igraph software package for complex network research},
  author = {Gabor Csardi and Tamas Nepusz},
  journal = {InterJournal},
  volume = {Complex Systems},
  pages = {1695},
  year = {2006},
  url = {http://igraph.sf.net},
  numeral = {1},
}
@Manual{Canty2013,
  title = {boot: Bootstrap R (S-Plus) Functions},
  author = {Angelo Canty and B. D. Ripley},
  year = {2013},
  note = {R package version 1.3-9},
  numeral = {1},
}
